@article{gutierrez2020measurement,
  title={Measurement of 4g lte cells with sdr technology},
  author={Guti{\'e}rrez, Diego and Gim{\'e}nez, Francisco and Zerbini, Carlos and Riva, Guillermo},
  journal={IEEE Latin America Transactions},
  volume={18},
  number={02},
  pages={206--213},
  year={2020},
  publisher={IEEE}
}